@inproceedings{enzyme,
 author    = {Gopal N Srivastava},
 title     = {Multi-label Classification of enzyme substrates},
}

@inproceedings{chiang,
  author= {Tsung-Hsien Chiang and Hung-Yi Lo and Shou-De Lin},
  title= {A Ranking-based KNN Approach for Multi-Label Classification},
  year= {2012},
}
